[gd_scene load_steps=13 format=2]

[ext_resource path="res://assets/models/buildings/builder.gd" type="Script" id=1]
[ext_resource path="res://assets/materials/terrain/Ground047/Ground047_1K_Color.jpg" type="Texture" id=2]
[ext_resource path="res://assets/materials/terrain/Gravel020/Gravel020_1K_Color.jpg" type="Texture" id=4]

[sub_resource type="CubeMesh" id=1]
size = Vector3( 1, 1, 1 )

[sub_resource type="SpatialMaterial" id=8]
albedo_texture = ExtResource( 4 )
uv1_scale = Vector3( 0.2, 0.2, 0.2 )
uv1_triplanar = true

[sub_resource type="BoxShape" id=2]
extents = Vector3( 0.5, 0.5, 0.5 )

[sub_resource type="CylinderMesh" id=3]
top_radius = 0.25
bottom_radius = 0.5
height = 1.0
radial_segments = 8
rings = 0

[sub_resource type="CylinderShape" id=4]
height = 1.0
radius = 0.5

[sub_resource type="CubeMesh" id=5]
size = Vector3( 1, 1, 1 )

[sub_resource type="PrismMesh" id=6]
size = Vector3( 1, 1, 1 )

[sub_resource type="SpatialMaterial" id=9]
albedo_texture = ExtResource( 2 )
uv1_scale = Vector3( 0.1, 0.1, 0.1 )
uv1_triplanar = true

[sub_resource type="ConvexPolygonShape" id=7]
points = PoolVector3Array( -0.5, -0.5, -0.5, 0.5, -0.5, -0.5, 0.5, -0.5, 0.5, -0.5, -0.5, 0.5, 0, 0.5, 0.5, 0, 0.5, -0.5 )

[node name="Temple" type="StaticBody"]
script = ExtResource( 1 )

[node name="Stylobate" type="MeshInstance" parent="."]
transform = Transform( 1, 0, 0, 0, 1, 0, 0, 0, 1, 0, -0.5, 0 )
mesh = SubResource( 1 )
material/0 = SubResource( 8 )

[node name="StylobateCollision" type="CollisionShape" parent="."]
transform = Transform( 1, 0, 0, 0, 1, 0, 0, 0, 1, 0, -0.5, 0 )
shape = SubResource( 2 )

[node name="Column" type="MeshInstance" parent="."]
transform = Transform( 1, 0, 0, 0, 1, 0, 0, 0, 1, 0, 0.5, 0 )
mesh = SubResource( 3 )
material/0 = SubResource( 8 )

[node name="ColumnCollision" type="CollisionShape" parent="."]
transform = Transform( 1, 0, 0, 0, 1, 0, 0, 0, 1, 0, 0.5, 0 )
shape = SubResource( 4 )

[node name="Entablature" type="MeshInstance" parent="."]
transform = Transform( 1, 0, 0, 0, 1, 0, 0, 0, 1, 0, 1.5, 0 )
mesh = SubResource( 5 )
material/0 = SubResource( 8 )

[node name="EntablatureCollision" type="CollisionShape" parent="."]
transform = Transform( 1, 0, 0, 0, 1, 0, 0, 0, 1, 0, 1.5, 0 )
shape = SubResource( 2 )

[node name="Roof" type="MeshInstance" parent="."]
transform = Transform( 1, 0, 0, 0, 1, 0, 0, 0, 1, 0, 2.5, 0 )
mesh = SubResource( 6 )
material/0 = SubResource( 9 )

[node name="RoofCollision" type="CollisionShape" parent="."]
transform = Transform( 1, 0, 0, 0, 1, 0, 0, 0, 1, 0, 2.5, 0 )
shape = SubResource( 7 )
disabled = true
