[gd_scene load_steps=10 format=2]

[ext_resource path="res://assets/models/mobs/test/kiibaa.gd" type="Script" id=1]
[ext_resource path="res://assets/materials/terrain/Lava001/Lava001_1K_Color.jpg" type="Texture" id=2]
[ext_resource path="res://core/ui/stats/PowerStats.tscn" type="PackedScene" id=3]

[sub_resource type="CapsuleShape" id=1]
radius = 0.5
height = 1.05

[sub_resource type="SphereShape" id=2]
radius = 100.0

[sub_resource type="CylinderMesh" id=3]
top_radius = 0.5
bottom_radius = 0.001
height = 1.0
radial_segments = 4
rings = 1

[sub_resource type="SpatialMaterial" id=4]
albedo_color = Color( 0.98, 0.42, 0.79, 0.5 )
albedo_texture = ExtResource( 2 )
metallic = 0.2
roughness = 0.5

[sub_resource type="CubeMesh" id=6]
size = Vector3( 0.1, 0.1, 0.4 )

[sub_resource type="SpatialMaterial" id=5]
albedo_color = Color( 1, 0.984314, 0, 1 )
metallic = 1.0
roughness = 0.0
emission_enabled = true
emission = Color( 1, 0, 0, 1 )
emission_energy = 1.0
emission_operator = 0
emission_on_uv2 = false

[node name="Kiibaa" type="KinematicBody" groups=["Enemies"]]
collision_layer = 16
collision_mask = 31
script = ExtResource( 1 )

[node name="PowerStats" parent="." instance=ExtResource( 3 )]
transform = Transform( 1, 0, 0, 0, 1, 0, 0, 0, 1, 0, 1.6, 0 )

[node name="Label3DHead" type="Label3D" parent="."]
transform = Transform( -1, 0, -8.74228e-08, 0, 1, 0, 8.74228e-08, 0, -1, 0, 0.1, -0.45 )
visible = false
modulate = Color( 1, 0, 0, 1 )
outline_modulate = Color( 0.992157, 1, 0, 1 )
text = "Health"
vertical_alignment = 2

[node name="Label3DDamage" type="Label3D" parent="."]
transform = Transform( -1, 0, -8.74228e-08, 0, 1, 0, 8.74228e-08, 0, -1, 0, -0.1, -0.45 )
modulate = Color( 1, 0.984314, 0, 1 )
outline_modulate = Color( 0.992157, 1, 0, 1 )
text = "Damage"
vertical_alignment = 0

[node name="CollisionShape" type="CollisionShape" parent="."]
transform = Transform( 1, 0, 0, 0, -4.37114e-08, -1, 0, 1, -4.37114e-08, 0, 0.025, 0 )
shape = SubResource( 1 )

[node name="HitArea" type="Area" parent="."]
collision_layer = 16
collision_mask = 24

[node name="CollisionShape" type="CollisionShape" parent="HitArea"]
transform = Transform( 1, 0, 0, 0, -4.37114e-08, -1, 0, 1, -4.37114e-08, 0, 0, 0 )
shape = SubResource( 1 )

[node name="DetectArea" type="Area" parent="."]
collision_layer = 16
collision_mask = 8

[node name="CollisionShape" type="CollisionShape" parent="DetectArea"]
transform = Transform( 1, 0, 0, 0, 1, 0, 0, 0, 1, 0, 0, -80 )
shape = SubResource( 2 )

[node name="Body" type="MeshInstance" parent="."]
transform = Transform( 1, 0, 0, 0, 1, 0, 0, 0, 1, 0, -0.5, 0 )
layers = 16
mesh = SubResource( 3 )
material/0 = SubResource( 4 )

[node name="Head" type="MeshInstance" parent="Body"]
transform = Transform( -0.707107, 6.18172e-08, 0.707107, -8.74228e-08, -1, 0, 0.707107, -6.18172e-08, 0.707107, 0, 1.05, 0 )
layers = 16
mesh = SubResource( 3 )
material/0 = SubResource( 4 )

[node name="Magma" type="MeshInstance" parent="."]
transform = Transform( 1, 0, 0, 0, 1, 0, 0, 0, 1, 0, 0.025, -0.3 )
layers = 16
mesh = SubResource( 6 )
material/0 = SubResource( 5 )

[node name="RayCast" type="RayCast" parent="Magma"]
transform = Transform( 1, 0, 0, 0, 1, 0, 0, 0, 1, 0, 0, 0.130669 )
cast_to = Vector3( 0, 0, -3 )
collision_mask = 8

[connection signal="body_entered" from="DetectArea" to="." method="_on_DetectArea_body_entered"]
[connection signal="body_exited" from="DetectArea" to="." method="_on_DetectArea_body_exited"]
