[gd_scene load_steps=7 format=2]

[ext_resource path="res://core/input/gonkee.gd" type="Script" id=1]

[sub_resource type="CapsuleShape" id=1]
radius = 0.15
height = 1.22

[sub_resource type="BoxShape" id=2]
extents = Vector3( 0.1, 0.02, 0.1 )

[sub_resource type="CapsuleShape" id=3]
radius = 0.3
height = 0.8

[sub_resource type="RayShape" id=4]

[sub_resource type="CapsuleMesh" id=5]
radius = 0.3
mid_height = 0.8
radial_segments = 8
rings = 1

[node name="Player" type="KinematicBody" groups=["Player"]]
collision_layer = 8
collision_mask = 63
script = ExtResource( 1 )

[node name="Body_CollisionShape" type="CollisionShape" parent="."]
transform = Transform( 1, 0, 0, 0, -1.62921e-07, -1, 0, 1, -1.62921e-07, 0, 0.785, 0 )
shape = SubResource( 1 )
disabled = true

[node name="Feet_CollisionShape" type="CollisionShape" parent="."]
transform = Transform( 1, 0, 0, 0, 1, 0, 0, 0, 1, 0, 0.02, 0 )
shape = SubResource( 2 )

[node name="CollisionCapsule" type="CollisionShape" parent="."]
transform = Transform( 1, 0, 0, 0, -1.62921e-07, 1, 0, -1, -1.62921e-07, 0, 1, 0 )
shape = SubResource( 3 )

[node name="CollisionRay" type="CollisionShape" parent="."]
transform = Transform( 1, 0, 0, 0, -4.37114e-08, -1, 0, 1, -4.37114e-08, 0, 1, 0 )
shape = SubResource( 4 )

[node name="CrouchTween" type="Tween" parent="CollisionRay"]

[node name="FootCast" type="RayCast" parent="."]
transform = Transform( 1, 0, 0, 0, 1, 0, 0, 0, 1, 0, 0.1, 0 )
enabled = true
cast_to = Vector3( 0, -0.5, 0 )

[node name="Model" type="MeshInstance" parent="."]
transform = Transform( 1, 0, 0, 0, -1.62921e-07, 1, 0, -1, -1.62921e-07, 0, 1, 0 )
visible = false
layers = 8
mesh = SubResource( 5 )

[node name="CameraBase" type="Position3D" parent="."]
transform = Transform( 1, 0, 0, 0, 1, 0, 0, 0, 1, 0, 1.75, 0.3 )

[node name="Camera1st" type="Camera" parent="."]
transform = Transform( 1, 0, 0, 0, 1, 0, 0, 0, 1, 0, 1.75, 0.3 )
fov = 90.0
far = 10000.0

[node name="RayCast" type="RayCast" parent="Camera1st"]
transform = Transform( 1, 0, 0, 0, 1, 0, 0, 0, 1, 0, -0.175549, -0.100472 )
cast_to = Vector3( 0, 0, -10000 )
collision_mask = 31

[node name="Flashlight" type="SpotLight" parent="Camera1st"]
visible = false
light_energy = 10.0
spot_range = 100.0

[node name="Camera3rd" type="Camera" parent="."]
transform = Transform( 1, 0, 0, 0, 0.984808, 0.173648, 0, -0.173648, 0.984808, 0, 3, 2.5 )
fov = 90.0
far = 10000.0

[node name="ARVROrigin" type="ARVROrigin" parent="."]

[node name="ARVRCamera" type="ARVRCamera" parent="ARVROrigin"]

[node name="LeftHand" type="ARVRController" parent="ARVROrigin"]

[node name="RightHand" type="ARVRController" parent="ARVROrigin"]
controller_id = 2
