[gd_resource type="ShaderMaterial" load_steps=15 format=2]

[ext_resource path="res://assets/materials/terrain/Gravel014/Gravel014_1K_Color.jpg" type="Texture" id=1]
[ext_resource path="res://assets/materials/terrain/Snow002/Snow002_1K_Color.jpg" type="Texture" id=2]
[ext_resource path="res://assets/materials/terrain/Grass002/Grass002_1K_Color.jpg" type="Texture" id=3]
[ext_resource path="res://assets/materials/terrain/Grass001/Grass001_1K_Color.jpg" type="Texture" id=4]
[ext_resource path="res://assets/materials/terrain/Lava001/Lava001_1K_Color.jpg" type="Texture" id=5]
[ext_resource path="res://assets/materials/terrain/Snow003/Snow003_1K_Color.jpg" type="Texture" id=6]
[ext_resource path="res://assets/materials/terrain/Ground027/Ground027_1K_Color.jpg" type="Texture" id=7]
[ext_resource path="res://assets/materials/terrain/Ground047/Ground047_1K_Color.jpg" type="Texture" id=9]
[ext_resource path="res://assets/materials/terrain/Gravel020/Gravel020_1K_Color.jpg" type="Texture" id=10]

[sub_resource type="Shader" id=1]
code = "shader_type spatial;
render_mode cull_disabled; //, ensure_correct_normals;

//uniform sampler2D gradient: hint_black;
//uniform float height_offset = 1000.0;
//uniform float gradient_height = 2000.0;

uniform sampler2D splatmap;
uniform sampler2D splatmap2;

uniform float tex0_height = 0.0;
uniform float tex0_diff = 1.0;
uniform float tex0a_scale = 0.2;
uniform float tex0b_scale = 0.1;
uniform sampler2D tex0a;
uniform sampler2D tex0b;
//uniform sampler2D tex0_normal;

uniform float tex1_height = 100.0;
uniform float tex1_diff = 10.0;
uniform float tex1a_scale = 0.2;
uniform float tex1b_scale = 0.2;
uniform sampler2D tex1a;
uniform sampler2D tex1b;
//uniform sampler2D tex1a_normal;
//uniform sampler2D tex1b_normal;

uniform float tex2_height = 200.0;
uniform float tex2_diff = 10.0;
uniform float tex2a_scale = 0.2;
uniform float tex2b_scale = 0.2;
uniform sampler2D tex2a;
uniform sampler2D tex2b;
//uniform sampler2D tex2_normal;

uniform float tex3_height = 300.0;
uniform float tex3_diff = 10.0;
uniform float tex3a_scale = 0.2;
uniform float tex3b_scale = 0.2;
uniform sampler2D tex3a;
uniform sampler2D tex3b;
//uniform sampler2D tex3_normal;

uniform float tex4_height = 400.0;
uniform float tex4_diff = 10.0;
uniform float tex4a_scale = 0.2;
uniform float tex4b_scale = 0.2;
uniform sampler2D tex4a;
uniform sampler2D tex4b;
//uniform sampler2D tex4_normal;

uniform float tex5_height = 500.0;
uniform float tex5_diff = 10.0;
uniform float tex5a_scale = 0.2;
uniform float tex5b_scale = 0.2;
uniform sampler2D tex5a;
uniform sampler2D tex5b;
//uniform sampler2D tex5_normal;

varying vec3 location;
//varying vec3 normal_col;

float rand(vec2 coord){
	// prevents randomness decreasing from coordinates too large
	coord = mod(coord, 10000.0);
	// returns \"random\" float between 0 and 1
	return fract(sin(dot(coord, vec2(12.9898,78.233))) * 43758.5453);
}

void vertex() {
	//VERTEX += 1.0 - 2.0 * vec3(rand(VERTEX.xz));
	location = VERTEX;
	//normal_col = NORMAL;
	//NORMAL = normalize(vec3(k - height(pos + vec2(0.1, 0.0), TIME), 0.1, k - height(pos + vec2(0.0, 0.1), TIME)));
	//NORMAL = VERTEX;
}

void fragment() {
	//ALBEDO = vec3(0.0, 0.0, 0.0);
	//ALBEDO = vec3(VERTEX.y, VERTEX.y, VERTEX.y);
	/*for (int i = 0; i < 2; i++) {
		ALBEDO += vec3(VERTEX.y / 2.0);
	}*/
	//ALBEDO = normal_col;
	//ALBEDO = vec3(1.0, 5.0, 1.0);
	//float level = sqrt(height);
	/*if (height < 10.0) { // sand from 5m to -100m
		float sand = min(1.0, -(height - 5.0) / 100.0);
		ALBEDO += vec3(1.0 - sand, 1.0 - sand, 0.0);

		if (height < 1.0) { // water from 1m to -500m
			float water = min(1.0, -(height - 1.0) / 500.0);
			ALBEDO += vec3(0.0, 0.0, 1.0 - water);
		}
	} else if (height < 100.0) {
		float grass = min(1.0, (height - 10.0) / 20.0);
		ALBEDO += vec3(1.0 - grass, 1.0 - grass / 2.0, 0.0);
		if (height > 50.0) {
			ALBEDO.g -= height / 200.0;
		}
	} else {
		float snow = min(0.9, (height - 100.0) / 100.0);
		ALBEDO += vec3(snow);
		if (height > 300.0) {
			float ice = min(1.0, (height - 200.0) / 500.0);
			ALBEDO += vec3(0.0, 0.0, ice);
		}
	}*/
	/*if (height < -95.0) {
	}
		float a = -(height + 95.0) / 100.0;
		ALBEDO = vec3(1.0 - a, 1.0 - a, 2.0 - a);
		NORMALMAP = vec3(a);
	} else if (height < 0.0) {
		float a = -height / 50.0;
		ALBEDO = vec3(a, a, 0.0);
		NORMALMAP = vec3(a);
	} else {
	//} else if (height < 0.0)  {
		float a = height / 50.0;
		ALBEDO = vec3(1.0 - a, 2.0 - a, 1.0 - a);
		NORMALMAP = vec3(a);
	}/* else {
		float a = height / 10.0;
		ALBEDO = vec3(0.0, a, 0.0);
	}*/
	//ROUGHNESS = 0.1;
	//NORMALMAP = normal_col;
	//NORMALMAP = vec3(0.0, 0.1, 0.0);
	//NORMALMAP = vec3(height / 100.0);
	//NORMALMAP = vec3(UV, 0.1);
	
    /*vec3 base_col;
    vec3 r_col;
    vec3 g_col;
    vec3 b_col;
    vec3 a_col;
    vec4 texs = texture(splatmap, UV);
    float rval = texs.r;
    float gval = texs.g;
    float bval = texs.b;
    float aval = 1.0 - texs.a;
    float baseval = max(0.0, 1.0 - (rval + gval + bval + aval));
    base_col = texture(tex_base, loc_vertex * base_res).rgb * baseval;
    r_col = texture(tex_r, loc_vertex * r_res).rgb * rval;
    g_col = texture(tex_g, loc_vertex * g_res).rgb * gval;
    b_col = texture(tex_b, loc_vertex * b_res).rgb * bval;
    a_col = texture(tex_a, loc_vertex * a_res).rgb * aval;
    ALBEDO = base_col + r_col + g_col + b_col + a_col;*/
	//float splat_high = min(1.0, 1.5 * texture(splatmap, location.xz / 100.0).b);		//division 100.0 = noise width 1000.0 / noise period 10.0 to keep it seamless
//	float splat_high = clamp(-8.67 + 10.0 * (texture(splatmap, location.xz / 100.0).b + texture(splatmap2, location.xz / 1000.0).b), 0.0, 1.0);		//division 100.0 = noise width 1000.0 / noise period 10.0 to keep it seamless
//	float splat_high = clamp(-3.5 + 5.0 * (texture(splatmap, location.xz / 100.0).b + texture(splatmap2, location.xz / 1000.0).b), 0.0, 1.0);		//division 100.0 = noise width 1000.0 / noise period 10.0 to keep it seamless
	float splat_high = clamp(-1.0 + 2.0 * (texture(splatmap, location.xz / 100.0).b + texture(splatmap2, location.xz / 1000.0).b), 0.0, 1.0);		//division 100.0 = noise width 1000.0 / noise period 10.0 to keep it seamless

	//float splat_high = texture(splatmap, location.xz / 100.0).b;
	//float splat_high = texture(splatmap2, location.xz / 1000.0).b;
	//ALBEDO = vec3(splat_high);
	float splat_low = 1.0 - splat_high;

	if (location.y < tex0_height - tex0_diff) {
		ALBEDO = texture(tex0a, location.xz * tex0a_scale).rgb * splat_high + texture(tex0b, location.xz * tex0b_scale).rgb * splat_low;
		//NORMAL = texture(tex0_normal, location.xz * tex0_scale).rgb;
	} else if (location.y < tex0_height + tex0_diff) {
		float diff_end = (location.y - tex0_height) / (tex0_diff * 2.0) + 0.5;
		float diff_start = 1.0 - diff_end;
		vec3 tex0 = texture(tex0a, location.xz * tex0a_scale).rgb * diff_start * splat_high + texture(tex0b, location.xz * tex0b_scale).rgb * diff_start * splat_low;
		vec3 tex1 = texture(tex1a, location.xz * tex1a_scale).rgb * diff_end * splat_high + texture(tex1b, location.xz * tex1b_scale).rgb * diff_end * splat_low;
		ALBEDO = tex0 + tex1;
		//ALBEDO = vec3(splat);

	} else if (location.y < tex1_height - tex1_diff) {
		ALBEDO = texture(tex1a, location.xz * tex1a_scale).rgb * splat_high + texture(tex1b, location.xz * tex1b_scale).rgb * splat_low;
		//NORMAL = texture(tex1_normal, location.xz * tex1_scale).rgb;
	} else if (location.y < tex1_height + tex1_diff) {
		//float diff = (location.y - tex1_height) / (tex1_diff * 2.0) + 0.5;
		//ALBEDO = texture(tex1a, location.xz * tex1a_scale).rgb * (1.0 - diff) + texture(tex2a, location.xz * tex2a_scale).rgb * diff;
		float diff_end = (location.y - tex1_height) / (tex1_diff * 2.0) + 0.5;
		float diff_start = 1.0 - diff_end;
		vec3 tex1 = texture(tex1a, location.xz * tex1a_scale).rgb * diff_start * splat_high + texture(tex1b, location.xz * tex1b_scale).rgb * diff_start * splat_low;
		vec3 tex2 = texture(tex2a, location.xz * tex2a_scale).rgb * diff_end * splat_high + texture(tex2b, location.xz * tex2b_scale).rgb * diff_end * splat_low;
		ALBEDO = tex1 + tex2;
		//NORMAL = texture(tex1_normal, location.xz * tex1_scale).rgb;

	} else if (location.y < tex2_height - tex2_diff) {
		//ALBEDO = texture(tex2a, location.xz * tex2a_scale).rgb;
		ALBEDO = texture(tex2a, location.xz * tex2a_scale).rgb * splat_high + texture(tex2b, location.xz * tex2b_scale).rgb * splat_low;
		//NORMAL = texture(tex2_normal, location.xz * tex2_scale).rgb;
	} else if (location.y < tex2_height + tex2_diff) {
		//float diff = (location.y - tex2_height) / (tex2_diff * 2.0) + 0.5;
		//ALBEDO = texture(tex2a, location.xz * tex2a_scale).rgb * (1.0 - diff) + texture(tex3a, location.xz * tex3a_scale).rgb * diff;
		//NORMAL = texture(tex2_normal, location.xz * tex2_scale).rgb;
		float diff_end = (location.y - tex2_height) / (tex2_diff * 2.0) + 0.5;
		float diff_start = 1.0 - diff_end;
		vec3 tex2 = texture(tex2a, location.xz * tex2a_scale).rgb * diff_start * splat_high + texture(tex2b, location.xz * tex2b_scale).rgb * diff_start * splat_low;
		vec3 tex3 = texture(tex3a, location.xz * tex3a_scale).rgb * diff_end * splat_high + texture(tex3b, location.xz * tex3b_scale).rgb * diff_end * splat_low;
		ALBEDO = tex2 + tex3;

	} else if (location.y < tex3_height - tex3_diff) {
		//ALBEDO = texture(tex3a, location.xz * tex3a_scale).rgb;
		ALBEDO = texture(tex3a, location.xz * tex3a_scale).rgb * splat_high + texture(tex3b, location.xz * tex3b_scale).rgb * splat_low;
		//NORMAL = texture(tex3_normal, location.xz * tex3_scale).rgb;
	} else if (location.y < tex3_height + tex3_diff) {
		//float diff = (location.y - tex3_height) / (tex3_diff * 2.0) + 0.5;
		//ALBEDO = texture(tex3a, location.xz * tex3a_scale).rgb * (1.0 - diff) + texture(tex4a, location.xz * tex4a_scale).rgb * diff;
		float diff_end = (location.y - tex3_height) / (tex3_diff * 2.0) + 0.5;
		float diff_start = 1.0 - diff_end;
		vec3 tex3 = texture(tex3a, location.xz * tex3a_scale).rgb * diff_start * splat_high + texture(tex3b, location.xz * tex3b_scale).rgb * diff_start * splat_low;
		vec3 tex4 = texture(tex4a, location.xz * tex4a_scale).rgb * diff_end * splat_high + texture(tex4b, location.xz * tex4b_scale).rgb * diff_end * splat_low;
		ALBEDO = tex3 + tex4;
		//NORMAL = texture(tex3_normal, location.xz * tex3_scale).rgb;

	} else if (location.y < tex4_height - tex4_diff) {
		//ALBEDO = texture(tex4a, location.xz * tex4a_scale).rgb;
		ALBEDO = texture(tex4a, location.xz * tex4a_scale).rgb * splat_high + texture(tex4b, location.xz * tex4b_scale).rgb * splat_low;
		//NORMAL = texture(tex4_normal, location.xz * tex4_scale).rgb;
	} else if (location.y < tex4_height + tex4_diff) {
		//float diff = (location.y - tex4_height) / (tex4_diff * 2.0) + 0.5;
		//ALBEDO = texture(tex4a, location.xz * tex4a_scale).rgb * (1.0 - diff) + texture(tex5a, location.xz * tex5a_scale).rgb * diff;
		float diff_end = (location.y - tex4_height) / (tex4_diff * 2.0) + 0.5;
		float diff_start = 1.0 - diff_end;
		vec3 tex4 = texture(tex4a, location.xz * tex4a_scale).rgb * diff_start * splat_high + texture(tex4b, location.xz * tex4b_scale).rgb * diff_start * splat_low;
		vec3 tex5 = texture(tex5a, location.xz * tex5a_scale).rgb * diff_end * splat_high + texture(tex5b, location.xz * tex5b_scale).rgb * diff_end * splat_low;
		ALBEDO = tex4 + tex5;
		//NORMAL = texture(tex4_normal, location.xz * tex4_scale).rgb;

	} else {
		//ALBEDO = texture(tex5a, location.xz * tex5a_scale).rgb;
		ALBEDO = texture(tex5a, location.xz * tex5a_scale).rgb * splat_high + texture(tex5b, location.xz * tex5b_scale).rgb * splat_low;
		//NORMAL = texture(tex5_normal, location.xz * tex5_scale).rgb;
	}
	
	//ALBEDO = texture(gradient, vec2((height + height_offset) / gradient_height, 0.0)).rgb;
}"

[sub_resource type="OpenSimplexNoise" id=2]
octaves = 1
period = 10.0

[sub_resource type="NoiseTexture" id=3]
width = 1000
height = 1000
seamless = true
noise = SubResource( 2 )

[sub_resource type="OpenSimplexNoise" id=4]
seed = 1
octaves = 1
period = 5.0

[sub_resource type="NoiseTexture" id=5]
width = 1750
height = 1750
seamless = true
noise = SubResource( 4 )

[resource]
shader = SubResource( 1 )
shader_param/tex0_height = 20.0
shader_param/tex0_diff = 1.0
shader_param/tex0a_scale = 0.2
shader_param/tex0b_scale = 0.1
shader_param/tex1_height = 100.0
shader_param/tex1_diff = 10.0
shader_param/tex1a_scale = 0.2
shader_param/tex1b_scale = 0.2
shader_param/tex2_height = 200.0
shader_param/tex2_diff = 10.0
shader_param/tex2a_scale = 0.2
shader_param/tex2b_scale = 0.2
shader_param/tex3_height = 300.0
shader_param/tex3_diff = 10.0
shader_param/tex3a_scale = 0.2
shader_param/tex3b_scale = 0.2
shader_param/tex4_height = 400.0
shader_param/tex4_diff = 10.0
shader_param/tex4a_scale = 0.2
shader_param/tex4b_scale = 0.2
shader_param/tex5_height = 500.0
shader_param/tex5_diff = 10.0
shader_param/tex5a_scale = 0.2
shader_param/tex5b_scale = 0.2
shader_param/splatmap = SubResource( 3 )
shader_param/splatmap2 = SubResource( 5 )
shader_param/tex0a = ExtResource( 7 )
shader_param/tex0b = ExtResource( 1 )
shader_param/tex1a = ExtResource( 4 )
shader_param/tex1b = ExtResource( 3 )
shader_param/tex2a = ExtResource( 9 )
shader_param/tex2b = ExtResource( 10 )
shader_param/tex3a = ExtResource( 10 )
shader_param/tex3b = ExtResource( 5 )
shader_param/tex4a = ExtResource( 10 )
shader_param/tex4b = ExtResource( 6 )
shader_param/tex5a = ExtResource( 2 )
shader_param/tex5b = ExtResource( 6 )
